<?xml version="1.0" encoding="UTF-8"?><collection xmlns="http://www.loc.gov/MARC21/slim"><record><leader>00585nam--2200169-i-4500</leader><controlfield tag="001">000009926</controlfield><controlfield tag="002">20161230</controlfield><controlfield tag="005">20170107162657</controlfield><controlfield tag="008">060222s1000------------r-----000-0-eng-d</controlfield><datafield ind1=" " ind2=" " tag="040"><subfield code="a">IFIN-HH</subfield></datafield><datafield ind1=" " ind2=" " tag="080"><subfield code="a">539.1(075.9)</subfield></datafield><datafield ind1="1" ind2=" " tag="100"><subfield code="a">Marx, George</subfield></datafield><datafield ind1="1" ind2="0" tag="245"><subfield code="a">Nuclear physics nuclear power</subfield><subfield code="b">Seminar on the Teaching of physics in schools, Balatonf©ơred, Hungary organized by groupe International de recherche sur l'enseignement de la physique</subfield><subfield code="c">George Marx (ed.)</subfield></datafield><datafield ind1=" " ind2=" " tag="260"><subfield code="a">Budapest</subfield><subfield code="b">Akad©♭miai Kiad©đ</subfield><subfield code="c">1982</subfield></datafield><datafield ind1=" " ind2=" " tag="300"><subfield code="a">632 p</subfield></datafield><datafield ind1=" " ind2=" " tag="852"><subfield code="a">71896</subfield><subfield code="c">539</subfield></datafield><datafield ind1=" " ind2=" " tag="CAT"><subfield code="a">SYS</subfield><subfield code="c">20170107</subfield><subfield code="h">162657</subfield></datafield></record></collection>